% references.bib

@article{author1,
  author = {Author et al.},
  title = {Journal of Sorting Algorithms},
  year = {20XX},
  url = {https://example.com/paper1},
}

@inproceedings{author2,
  author = {Author and Collaborator},
  title = {Conference on Algorithms},
  year = {20XX},
  url = {https://example.com/paper2},
}
