@book{cormen2022introduction,
  title={Introduction to algorithms},
  author={Cormen, Thomas H and Leiserson, Charles E and Rivest, Ronald L and Stein, Clifford},
  year={2022}
}
@book{horowitz1997computer,
  title={Computer algorithms C++: C++ and pseudocode versions},
  author={Horowitz, Ellis and Sahni, Sartaj and Rajasekaran, Sanguthevar},
  year={1997},
  publisher={Macmillan}
}
@article{furat2016comparative,
  title={A comparative Study of Selection Sort and Insertion Sort Algorithms},
  author={Furat, Fahriye Gemci},
  journal={International Research Journal of Engineering and Technology (IRJET)},
  volume={3},
  number={12},
  pages={326--330},
  year={2016}
}
@online{geeksforgeeks,
  author = {GeeksforGeeks,Shivani Mittal},
  title = {Loop Invariant Condition Examples in Sorting Algorithms},
  month={September},
  year = {2021},
  url = {https://www.geeksforgeeks.org/loop-invariant-condition-examples-sorting-algorithms/}
}
@online{insertion-sort-article,
  author       = "Austin Stanley", 
  title        = "Insertion Sort",
  month        = "July",
  year         = "2021",           
  url          = "https://medium.com/austins-software-engineering-journey/insertion-sort-ea0645cc5a23",
  note         = "Accessed on 2024-01-18",
}
@online{prepinsta-selection-sort,
  author       = "Prep-Insta", 
  title        = "Selection Sort in Java",         
  url          = "https://prepinsta.com/java-program/selection-sort/",
  note         = "Accessed on 2024-01-18",
}