

@book{horowitz1997computer,
  title={Computer Algorithms C++: C++ and Pseudocode Versions},
  author={Horowitz, Ellis and Sahni, Sartaj and Rajasekaran, Sanguthevar},
  year={1997},
  publisher={Macmillan}
}

@online{prepinstaselectionsortjava,
  author={Prep-Insta},
  title={Selection sort in Java},
  url={https://prepinsta.com/java-programming/selection-sort/},
  note={Accessed on 2024-01-18}
}

@online{stanley2021insertionsort,
  author={Austin Stanley},
  title={Insertion sort},
  year={2021},
  url={https://austingwalters.com/insertion-sort/}
}
