@book{cormen2009introduction,
  title={Introduction to Algorithms},
  author={Cormen, Thomas H and Leiserson, Charles E and Rivest, Ronald L and Stein, Clifford},
  year={2022},
  publisher={MIT Press}
  keyword = {algo}
}

@article{gemci2016comparative,
  title={A comparative study of selection sort and insertion sort algorithms},
  author={Gemci, Fahriye},
  journal={International Research Journal of Engineering and Technology},
  volume={3},
  number={12},
  pages={326--330},
  year={2016}
  keyword = {cp}
}

@online{geeksforgeeksloopinvariant,
  author={Shivani Mittal},
  title={Loop invariant condition examples in sorting algorithms},
  year={2021},
  url={https://www.geeksforgeeks.org/loop-invariant-condition-examples-sorting-algorithms/}
  keyword = {algo}
}


@book{horowitz1997computer,
  title={Computer Algorithms C++: C++ and Pseudocode Versions},
  author={Horowitz, Ellis and Sahni, Sartaj and Rajasekaran, Sanguthevar},
  year={1997},
  publisher={Macmillan}
  keyword = {algo}
}

@online{prepinstaselectionsortjava,
  author={Prep-Insta},
  title={Selection sort in Java},
  url={https://prepinsta.com/java-programming/selection-sort/},
  note={Accessed on 2024-01-18}
}

@online{stanley2021insertionsort,
  author={Austin Stanley},
  title={Insertion sort},
  year={2021},
  url={https://austingwalters.com/insertion-sort/}
  keyword = {cp}
}
